<?xml version="1.0" encoding="UTF-8"?><collection xmlns="http://www.loc.gov/MARC21/slim"><record><leader>00320nam--2200133-i-4500</leader><controlfield tag="001">000043752</controlfield><controlfield tag="002">20161230</controlfield><controlfield tag="005">20161230201044</controlfield><controlfield tag="008">060222s1000------------r-----000-0-eng-d</controlfield><datafield ind1=" " ind2=" " tag="080"><subfield code="a">577.1</subfield></datafield><datafield ind1=" " ind2=" " tag="100"><subfield code="a">Stryer, Lubert</subfield></datafield><datafield ind1=" " ind2=" " tag="245"><subfield code="a">Biochemistry</subfield></datafield><datafield ind1=" " ind2=" " tag="260"><subfield code="a">San Francisco, W.H.Freeman And Co., 1975, Xii+877p</subfield></datafield><datafield ind1=" " ind2=" " tag="852"><subfield code="a">47033</subfield></datafield></record></collection>